@article{analytical_integration_of_the_forces_induced_by_dislocations_on_a_surface_element,
	title={Analytical integration of the forces induced by dislocations on a surface element},
	author={Queyreau, S and Marian, J and Wirth, BD and Arsenlis, A},
	journal={Modelling and Simulation in Materials Science and Engineering},
	volume={22},
	number={3},
	pages={035004},
	year={2014},
	publisher={IOP Publishing}
}
@article{a_non-singular_continuum_theory_of_dislocations,
	title={A non-singular continuum theory of dislocations},
	author={Cai, Wei and Arsenlis, Athanasios and Weinberger, Christopher R and Bulatov, Vasily V},
	journal={Journal of the Mechanics and Physics of Solids},
	volume={54},
	number={3},
	pages={561--587},
	year={2006},
	publisher={Elsevier}
}